@misc{wiki:free-return,
  author       = {{Wikipedia contributors}},
  title        = {Free-return trajectory --- {Wikipedia}{,} The Free Encyclopedia},
  year         = 2024,
  url          = {https://en.wikipedia.org/wiki/Free-return_trajectory},
  note         = {Accessed: 2025-05-02. See section: \emph{Apollo free-return trajectories}, paragraph discussing a 2150 km radius (410 km above lunar surface).},
}